@article{earn2000simple,
  title={A simple model for complex dynamical transitions in epidemics},
  author={Earn, David JD and Rohani, Pejman and Bolker, Benjamin M and Grenfell, Bryan T},
  journal={science},
  volume={287},
  number={5453},
  pages={667--670},
  year={2000},
  publisher={American Association for the Advancement of Science}
}

@article{hastings2018transient,
  title={Transient phenomena in ecology},
  author={Hastings, Alan and Abbott, Karen C and Cuddington, Kim and Francis, Tessa and Gellner, Gabriel and Lai, Ying-Cheng and Morozov, Andrew and Petrovskii, Sergei and Scranton, Katherine and Zeeman, Mary Lou},
  journal={Science},
  volume={361},
  number={6406},
  pages={eaat6412},
  year={2018},
  publisher={American Association for the Advancement of Science}
}

@article{hastings2004transients,
  title={Transients: the key to long-term ecological understanding?},
  author={Hastings, Alan},
  journal={Trends in ecology \& evolution},
  volume={19},
  number={1},
  pages={39--45},
  year={2004},
  publisher={Elsevier}
}

@article{levin1997mathematical,
  title={Mathematical and computational challenges in population biology and ecosystems science},
  author={Levin, Simon A and Grenfell, Bryan and Hastings, Alan and Perelson, Alan S},
  journal={Science},
  volume={275},
  number={5298},
  pages={334--343},
  year={1997},
  publisher={American Association for the Advancement of Science}
}

@article{hernandez2012fluctuations,
  title={Fluctuations in plant populations: role of exogenous and endogenous factors},
  author={Hernandez Plaza, Eva and Navarrete, Luis and Lacasta, Carlos and Gonz{\'a}lez-Andujar, Jos{\'e} Luis},
  journal={Journal of Vegetation Science},
  volume={23},
  number={4},
  pages={640--646},
  year={2012},
  publisher={Wiley Online Library}
}

@article{ziebarth2010weak,
  title={Weak population regulation in ecological time series},
  author={Ziebarth, Nicolas L and Abbott, Karen C and Ives, Anthony R},
  journal={Ecology letters},
  volume={13},
  number={1},
  pages={21--31},
  year={2010},
  publisher={Wiley Online Library}
}

@article{hunter1998cycles,
  title={Cycles in insect populations: delayed density dependence or exogenous driving variables?},
  author={Hunter, Mark D and Price, Peter W},
  journal={Ecological Entomology},
  volume={23},
  number={2},
  pages={216--222},
  year={1998},
  publisher={Wiley Online Library}
}

@article{lundberg2000population,
  title={Population variability in space and time},
  author={Lundberg, Per and Ranta, Esa and Ripa, J{\"o}rgen and Kaitala, Veijo},
  journal={Trends in Ecology \& Evolution},
  volume={15},
  number={11},
  pages={460--464},
  year={2000},
  publisher={Elsevier}
}

@book{anderson1991infectious,
  title={Infectious diseases of humans: dynamics and control},
  author={Anderson, Roy M and May, Robert M},
  year={1991},
  publisher={Oxford university press}
}

@article{he2010plug,
  title={Plug-and-play inference for disease dynamics: measles in large and small populations as a case study},
  author={He, Daihai and Ionides, Edward L and King, Aaron A},
  journal={Journal of the Royal Society Interface},
  volume={7},
  number={43},
  pages={271--283},
  year={2010},
  publisher={The Royal Society}
}

@article{grenfell2001travelling,
  title={Travelling waves and spatial hierarchies in measles epidemics},
  journal={Nature},
  volume={414},
  number={6865},
  pages={716--723},
  year={2001},
  publisher={Nature Publishing Group UK London}
}

@article{sigurs1995asthma,
  title={{Asthma and immunoglobulin E antibodies after respiratory syncytial virus bronchiolitis: a prospective cohort study with matched controls}},
  author={Sigurs, N and Bjarnason, R and Sigurbergsson, F and Kjellman, B and Bjorksten, B},
  journal={Pediatrics},
  volume={95},
  number={4},
  pages={500--505},
  year={1995},
  publisher={American Academy of Pediatrics}
}

@article{edwards2012microbiology,
  title={The microbiology of asthma},
  author={Edwards, Michael R and Bartlett, Nathan W and Hussell, Tracy and Openshaw, Peter and Johnston, Sebastian L},
  journal={Nature Reviews Microbiology},
  volume={10},
  number={7},
  pages={459--471},
  year={2012},
  publisher={Nature Publishing Group UK London}
}

@article{sigurs2010asthma,
  title={{Asthma and allergy patterns over 18 years after severe RSV bronchiolitis in the first year of life}},
  author={Sigurs, Nele and Aljassim, Fatma and Kjellman, Bengt and Robinson, Paul D and Sigurbergsson, Fridrik and Bjarnason, Ragnar and Gustafsson, Per M},
  journal={Thorax},
  volume={65},
  number={12},
  pages={1045--1052},
  year={2010},
  publisher={BMJ Publishing Group Ltd}
}

@article{baker2019epidemic,
  title={Epidemic dynamics of respiratory syncytial virus in current and future climates},
  author={Baker, Rachel E and Mahmud, Ayesha S and Wagner, Caroline E and Yang, Wenchang and Pitzer, Virginia E and Viboud, Cecile and Vecchi, Gabriel A and Metcalf, C Jessica E and Grenfell, Bryan T},
  journal={Nature communications},
  volume={10},
  number={1},
  pages={1--8},
  year={2019},
  publisher={Nature Publishing Group}
}

@article{pitzer2015environmental,
  title={{Environmental drivers of the spatiotemporal dynamics of respiratory syncytial virus in the United States}},
  author={Pitzer, Virginia E and Viboud, C{\'e}cile and Alonso, Wladimir J and Wilcox, Tanya and Metcalf, C Jessica and Steiner, Claudia A and Haynes, Amber K and Grenfell, Bryan T},
  journal={PLoS pathogens},
  volume={11},
  number={1},
  pages={e1004591},
  year={2015},
  publisher={Public Library of Science San Francisco, USA}
}

@article{kim2020investigation,
  title={{Investigation of occurrence patterns of respiratory syncytial virus A and B in infected-patients from Cheonan, Korea}},
  author={Kim, Ga-Yeon and Rheem, Insoo and Joung, You Hyun and Kim, Jae Kyung},
  journal={Respiratory Research},
  volume={21},
  pages={1--9},
  year={2020},
  publisher={Springer}
}

@article{paramo2023respiratory,
  title={{Respiratory syncytial virus epidemiology and clinical severity before and during the COVID-19 pandemic in British Columbia, Canada: a retrospective observational study}},
  author={Paramo, Marina Vi{\~n}eta and Ngo, Lilian PL and Abu-Raya, Bahaa and Reicherz, Frederic and Xu, Rui Yang and Bone, Jeffrey N and Srigley, Jocelyn A and Solimano, Alfonso and Goldfarb, David M and Skowronski, Danuta M and others},
  journal={The Lancet Regional Health--Americas},
  volume={25},
  year={2023},
  publisher={Elsevier}
}

@article{wagatsuma2021shifts,
  title={{Shifts in the epidemic season of human respiratory syncytial virus associated with inbound overseas travelers and meteorological conditions in Japan, 2014--2017: An ecological study}},
  author={Wagatsuma, Keita and Koolhof, Iain S and Shobugawa, Yugo and Saito, Reiko},
  journal={PLoS One},
  volume={16},
  number={3},
  pages={e0248932},
  year={2021},
  publisher={Public Library of Science San Francisco, CA USA}
}

@article{miyama2021seasonal,
  title={{Seasonal shift in epidemics of respiratory syncytial virus infection in Japan}},
  author={Miyama, Takeshi and Iritani, Nobuhiro and Nishio, Takayuki and Ukai, Tomohiko and Satsuki, Yuka and Miyata, Hiromi and Shintani, Ayumi and Hiroi, Satoshi and Motomura, Kazushi and Kobayashi, Kazuo},
  journal={Epidemiology \& Infection},
  volume={149},
  pages={e55},
  year={2021},
  publisher={Cambridge University Press}
}

@article{tamerius2013environmental,
  title={Environmental predictors of seasonal influenza epidemics across temperate and tropical climates},
  author={Tamerius, James D and Shaman, Jeffrey and Alonso, Wladmir J and Bloom-Feshbach, Kimberly and Uejio, Christopher K and Comrie, Andrew and Viboud, C{\'e}cile},
  journal={PLoS pathogens},
  volume={9},
  number={3},
  pages={e1003194},
  year={2013},
  publisher={Public Library of Science}
}

@article{white2005transmission,
  title={{The transmission dynamics of groups A and B human respiratory syncytial virus (hRSV) in England \& Wales and Finland: seasonality and cross-protection}},
  author={White, LJ and Waris, M and Cane, PA and Nokes, D James and Medley, GF},
  journal={Epidemiology \& Infection},
  volume={133},
  number={2},
  pages={279--289},
  year={2005},
  publisher={Cambridge University Press}
}

@article{mina2020global,
  title={{A Global lmmunological Observatory to meet a time of pandemics}},
  author={Mina, Michael J and Metcalf, C Jessica E and McDermott, Adrian B and Douek, Daniel C and Farrar, Jeremy and Grenfell, Bryan T},
  journal={Elife},
  volume={9},
  pages={e58989},
  year={2020},
  publisher={eLife Sciences Publications, Ltd}
}

@article{nguyen2022enterovirus,
  title={{Enterovirus D68: a test case for the use of immunological surveillance to develop tools to mitigate the pandemic potential of emerging pathogens}},
  author={Nguyen-Tran, Hai and Park, Sang Woo and Messacar, Kevin and Dominguez, Samuel R and Vogt, Matthew R and Permar, Sallie and Permaul, Perdita and Hernandez, Michelle and Douek, Daniel C and McDermott, Adrian B and others},
  journal={The Lancet Microbe},
  volume={3},
  number={2},
  pages={e83--e85},
  year={2022},
  publisher={Elsevier}
}

@article{baker2020impact,
  title={{The impact of COVID-19 nonpharmaceutical interventions on the future dynamics of endemic infections}},
  author={Baker, Rachel E and Park, Sang Woo and Yang, Wenchang and Vecchi, Gabriel A and Metcalf, C Jessica E and Grenfell, Bryan T},
  journal={Proceedings of the National Academy of Sciences},
  volume={117},
  number={48},
  pages={30547--30553},
  year={2020},
  publisher={National Acad Sciences}
}
